@inproceedings{madevice2018,
  title={Device-Free Daily Life (ADL) Recognition for Smart Home Healthcare using a low-cost (2D) Lidar},
  author={{\relax Ma Z., Bigham J., Poslad S., Wu B., Zhang X., and Bodanese E.}}
  booktitle={IEEE Globecom 2018},
  year={2018},
  organization={IEEE}
}

@inproceedings{dunne1997pairing,
  title={On the pairing of the softmax activation and cross-entropy penalty functions and the derivation of the softmax activation function},
  author={Dunne, Rob A and Campbell, Norm A},
  booktitle={Proc. 8th Aust. Conf. on the Neural Networks, Melbourne},
  volume={181},
  pages={185},
  year={1997},
  organization={Citeseer}
}

@article{de2005tutorial,
  title={A tutorial on the cross-entropy method},
  author={De Boer, Pieter-Tjerk and Kroese, Dirk P and Mannor, Shie and Rubinstein, Reuven Y},
  journal={Annals of operations research},
  volume={134},
  number={1},
  pages={19--67},
  year={2005},
  publisher={Springer}
}

@inproceedings{nair2010rectified,
  title={Rectified linear units improve restricted boltzmann machines},
  author={Nair, Vinod and Hinton, Geoffrey E},
  booktitle={Proceedings of the 27th international conference on machine learning (ICML-10)},
  pages={807--814},
  year={2010}
}

@article{bergado2018recurrent,
  title={Recurrent Multiresolution Convolutional Networks for VHR Image Classification},
  author={Bergado, John Ray and Persello, Claudio and Stein, Alfred},
  journal={arXiv preprint arXiv:1806.05793},
  year={2018}
}

@article{dogra2014image,
  title={Image sharpening by gaussian and butterworth high pass filter},
  author={Dogra, Ayush and Bhalla, Parvinder},
  journal={Biomedical and Pharmacology Journal},
  year={2014}
}

@inproceedings{polastre2005telos,
  title={Telos: enabling ultra-low power wireless research},
  author={Polastre, Joseph and Szewczyk, Robert and Culler, David},
  booktitle={Information Processing in Sensor Networks, 2005. IPSN 2005. Fourth International Symposium on},
  pages={364--369},
  year={2005},
  organization={IEEE}
}

@article{narayanan2015radar,
  title={Radar micro-Doppler signatures of various human activities},
  author={Narayanan, Ram M and Zenaldin, Matthew},
  journal={IET Radar, Sonar \& Navigation},
  volume={9},
  number={9},
  pages={1205--1215},
  year={2015},
  publisher={IET}
}

@inproceedings{ram2008simulation,
  title={Simulation of human microDopplers using computer animation data},
  author={Ram, Shobha Sundar and Ling, Hao},
  booktitle={Radar Conference, 2008. RADAR'08. IEEE},
  pages={1--6},
  year={2008},
  organization={IEEE}
}

@article{balleri2011classification,
  title={Classification of personnel targets by acoustic micro-Doppler signatures},
  author={Balleri, A and Chetty, K and Woodbridge, K},
  journal={IET radar, sonar \& navigation},
  volume={5},
  number={9},
  pages={943--951},
  year={2011},
  publisher={IET}
}

@inproceedings{dura2011human,
  title={Human action categorization using ultrasound micro-Doppler signatures},
  author={Dura-Bernal, Salvador and Garreau, Guillaume and Andreou, Charalambos and Andreou, Andreas and Georgiou, Julius and Wennekers, Thomas and Denham, Susan},
  booktitle={International Workshop on Human Behavior Understanding},
  pages={18--28},
  year={2011},
  organization={Springer}
}

@article{chen2014micro,
  title={Micro-Doppler Signatures-Review, Challenges, and Perspectives},
  author={Chen, V and Tahmoush, D and Miceli, W},
  journal={Radar-Micro Doppler Signatures: Processing and Applications},
  pages={1--25},
  year={2014}
}

@inproceedings{tivive2013image,
  title={An image-based approach for classification of human micro-Doppler radar signatures},
  author={Tivive, Fok Hing Chi and Phung, Son Lam and Bouzerdoum, Abdesselam},
  booktitle={Active and Passive Signatures IV},
  volume={8734},
  pages={873406},
  year={2013},
  organization={International Society for Optics and Photonics}
}

@inproceedings{chen2000time,
  title={Time frequency signatures of micro-Doppler phenomenon for feature extraction},
  author={Chen, Victor C and Lipps, Ronald D},
  booktitle={Wavelet Applications VII},
  volume={4056},
  pages={220--227},
  year={2000},
  organization={International Society for Optics and Photonics}
}

@article{garcia2014analysis,
  title={Analysis of moving human micro-Doppler signature in forest environments},
  author={Garcia-Rubia, Jose Miguel and Kilic, Ozlem and Dang, Vinh and Nguyen, Quang M and Tran, Nghia},
  journal={Progress In Electromagnetics Research},
  volume={148},
  pages={1--14},
  year={2014},
  publisher={EMW Publishing}
}

@article{kim2015human,
  title={Human detection using Doppler radar based on physical characteristics of targets},
  author={Kim, Youngwook and Ha, Sungjae and Kwon, Jihoon},
  journal={IEEE Geoscience and Remote Sensing Letters},
  volume={12},
  number={2},
  pages={289--293},
  year={2015},
  publisher={IEEE}
}

@article{ccaugliyan2015micro,
  title={Micro-Doppler-based human activity classification using the mote-scale BumbleBee radar},
  author={{\c{C}}a{\u{g}}l{\i}yan, Bahri and G{\"u}rb{\"u}z, Sevgi Z{\"u}beyde},
  journal={IEEE Geoscience and Remote Sensing Letters},
  volume={12},
  number={10},
  pages={2135--2139},
  year={2015},
  publisher={IEEE}
}

@article{kim2009human,
  title={Human activity classification based on micro-Doppler signatures using a support vector machine},
  author={Kim, Youngwook and Ling, Hao},
  journal={IEEE Transactions on Geoscience and Remote Sensing},
  volume={47},
  number={5},
  pages={1328--1337},
  year={2009},
  publisher={IEEE}
}

@article{bilik2006gmm,
  title={GMM-based target classification for ground surveillance Doppler radar},
  author={Bilik, Igal and Tabrikian, Joseph and Cohen, Arnon},
  journal={IEEE Transactions on Aerospace and Electronic Systems},
  volume={42},
  number={1},
  pages={267--278},
  year={2006},
  publisher={IEEE}
}

@article{fairchild2016multistatic,
  title={Multistatic micro-Doppler radar for determining target orientation and activity classification},
  author={Fairchild, Dustin P and Narayanan, Ram M},
  journal={IEEE Transactions on Aerospace and Electronic Systems},
  volume={52},
  number={1},
  pages={512--521},
  year={2016},
  publisher={IEEE}
}

@inproceedings{mobasseri2009time,
  title={A time-frequency classifier for human gait recognition},
  author={Mobasseri, Bijan G and Amin, Moeness G},
  booktitle={Optics and Photonics in Global Homeland Security V and Biometric Technology for Human Identification VI},
  volume={7306},
  pages={730628},
  year={2009},
  organization={International Society for Optics and Photonics}
}

@article{fairchild2014classification,
  title={Classification of human motions using empirical mode decomposition of human micro-Doppler signatures},
  author={Fairchild, Dustin P and Narayanan, Ram M},
  journal={IET Radar, Sonar \& Navigation},
  volume={8},
  number={5},
  pages={425--434},
  year={2014},
  publisher={IET}
}

@article{fioranelli2015classification,
  title={Classification of unarmed/armed personnel using the NetRAD multistatic radar for micro-Doppler and singular value decomposition features},
  author={Fioranelli, Francesco and Ritchie, Matthew and Griffiths, Hugh},
  journal={IEEE Geoscience and Remote Sensing Letters},
  volume={12},
  number={9},
  pages={1933--1937},
  year={2015},
  publisher={IEEE}
}

@article{fioranelli2016performance,
  title={Performance analysis of centroid and SVD features for personnel recognition using multistatic micro-Doppler},
  author={Fioranelli, Francesco and Ritchie, Matthew and Griffiths, Hugh},
  journal={IEEE Geoscience and Remote Sensing Letters},
  volume={13},
  number={5},
  pages={725--729},
  year={2016},
  publisher={IEEE}
}

@inproceedings{zenaldin2016radar,
  title={Radar micro-Doppler based human activity classification for indoor and outdoor environments},
  author={Zenaldin, Matthew and Narayanan, Ram M},
  booktitle={Radar Sensor Technology XX},
  volume={9829},
  pages={98291B},
  year={2016},
  organization={International Society for Optics and Photonics}
}

@inproceedings{bjorklund2011millimeter,
  title={Millimeter-wave radar micro-Doppler signatures of human motion},
  author={Bj{\"o}rklund, Svante and Petersson, Henrik and Nezirovic, Amer and Guldogan, Mehmet B and Gustafsson, Fredrik},
  booktitle={Radar Symposium (IRS), 2011 Proceedings International},
  pages={167--174},
  year={2011},
  organization={IEEE}
}

@article{zabalza2014robust,
  title={Robust PCA micro-Doppler classification using SVM on embedded systems},
  author={Zabalza, Jaime and Clemente, Carmine and Di Caterina, Gaetano and Ren, Jinchang and Soraghan, John J and Marshall, Stephen},
  journal={IEEE Transactions on Aerospace and Electronic Systems},
  volume={50},
  number={3},
  pages={2304--2310},
  year={2014},
  publisher={IEEE}
}

@article{nanzer2009bayesian,
  title={Bayesian classification of humans and vehicles using micro-Doppler signals from a scanning-beam radar},
  author={Nanzer, Jeffrey A and Rogers, Robert L},
  journal={IEEE Microwave and Wireless Components Letters},
  volume={19},
  number={5},
  pages={338--340},
  year={2009},
  publisher={IEEE}
}

@article{kim2016human,
  title={Human detection and activity classification based on micro-Doppler signatures using deep convolutional neural networks},
  author={Kim, Youngwook and Moon, Taesup},
  journal={IEEE geoscience and remote sensing letters},
  volume={13},
  number={1},
  pages={8--12},
  year={2016},
  publisher={IEEE}
}

@inproceedings{kim2016classification,
  title={Classification of human activity on water through micro-Dopplers using deep convolutional neural networks},
  booktitle={Radar Sensor Technology XX},
  volume={9829},
  pages={982917},
  year={2016},
  author={Kim, Youngwook and Moon, Taesup},
  organization={International Society for Optics and Photonics}
}

@inproceedings{tahmoush2010ugs,
  title={Multi-target human gait classification using deep convolutional neural networks on micro-Doppler spectrograms},
  author={Trommel, RP and Harmanny, RIA and Cifola, L and Driessen, JN},
  booktitle={Radar Conference (EuRAD), 2016 European},
  pages={81--84},
  year={2016},
  organization={IEEE}
}

@article{karabacak2015knowledge,
  title={Knowledge exploitation for human micro-Doppler classification},
  author={Karabacak, Cesur and Gurbuz, Sevgi Z and Gurbuz, Ali C and Guldogan, Mehmet B and Hendeby, Gustaf and Gustafsson, Fredrik},
  journal={IEEE Geoscience and Remote Sensing Letters},
  volume={12},
  number={10},
  pages={2125--2129},
  year={2015},
  publisher={IEEE}
}

@inproceedings{tahmoush2009radar,
  title={Radar micro-Doppler for long range front-view gait recognition},
  author={Tahmoush, Dave and Silvious, Jerry},
  booktitle={Biometrics: Theory, Applications, and Systems, 2009. BTAS'09. IEEE 3rd International Conference on},
  pages={1--6},
  year={2009},
  organization={IEEE}
}

@inproceedings{chen2000time,
  title={Time frequency signatures of micro-Doppler phenomenon for feature extraction},
  author={Chen, Victor C and Lipps, Ronald D},
  booktitle={Wavelet Applications VII},
  volume={4056},
  pages={220--227},
  year={2000},
  organization={International Society for Optics and Photonics}
}

@inproceedings{tahmoush2009remote,
  title={Remote detection of humans and animals},
  author={Tahmoush, Dave and Silvious, Jerry},
  booktitle={Applied Imagery Pattern Recognition Workshop (AIPRW), 2009 IEEE},
  pages={1--8},
  year={2009},
  organization={IEEE}
}

@inproceedings{zhang2007acoustic,
  title={Acoustic micro-Doppler gait signatures of humans and animals},
  author={Zhang, Zhaonian and Pouliquen, Philippe and Waxman, Allen and Andreou, Andreas G},
  booktitle={Information Sciences and Systems, 2007. CISS'07. 41st Annual Conference on},
  pages={627--630},
  year={2007},
  organization={IEEE}
}

@article{zhang20052d,
  title={(2D) 2PCA: Two-directional two-dimensional PCA for efficient face representation and recognition},
  author={Zhang, Daoqiang and Zhou, Zhi-Hua},
  journal={Neurocomputing},
  volume={69},
  number={1-3},
  pages={224--231},
  year={2005},
  publisher={Elsevier}
}

@article{wold1987principal,
  title={Principal component analysis},
  author={Wold, Svante and Esbensen, Kim and Geladi, Paul},
  journal={Chemometrics and intelligent laboratory systems},
  volume={2},
  number={1-3},
  pages={37--52},
  year={1987},
  publisher={Elsevier}
}

@article{hubel1968receptive,
  title={Receptive fields and functional architecture of monkey striate cortex},
  author={Hubel, David H and Wiesel, Torsten N},
  journal={The Journal of physiology},
  volume={195},
  number={1},
  pages={215--243},
  year={1968},
  publisher={Wiley Online Library}
}

@misc{bumblebee,
  author = {{\relax Samraksh Company}},
  title = {BumbleBee User's Manual},
  howpublished = "\url{https://samraksh.com/files/products/Bumblebee\%20radar/BumbleBee-UM-v103.pdf}",
  year = {2008}, 
  note = "[Online; accessed 19-July-2018]"
}


@article{park2014simulation,
  title={Simulation and analysis of polarimetric radar signatures of human gaits},
  author={Park, James and Johnson, Joel T and Majurec, Ninoslav and Frankford, Mark and Stewart, Kyle and Smith, Graeme E and Westbrook, Lamar},
  journal={IEEE Transactions on Aerospace and Electronic Systems},
  volume={50},
  number={3},
  pages={2164--2175},
  year={2014},
  publisher={IEEE}
}

@article{srivastava2014dropout,
  title={Dropout: A simple way to prevent neural networks from overfitting},
  author={Srivastava, Nitish and Hinton, Geoffrey and Krizhevsky, Alex and Sutskever, Ilya and Salakhutdinov, Ruslan},
  journal={The Journal of Machine Learning Research},
  volume={15},
  number={1},
  pages={1929--1958},
  year={2014},
  publisher={JMLR. org}
}

@article{ioffe2015batch,
  title={Batch normalization: Accelerating deep network training by reducing internal covariate shift},
  author={Ioffe, Sergey and Szegedy, Christian},
  journal={arXiv preprint arXiv:1502.03167},
  year={2015}
}

@article{zeiler2012adadelta,
  title={ADADELTA: an adaptive learning rate method},
  author={Zeiler, Matthew D},
  journal={arXiv preprint arXiv:1212.5701},
  year={2012}
}

@article{peterson2009k,
  title={K-nearest neighbor},
  author={Peterson, Leif E},
  journal={Scholarpedia},
  volume={4},
  number={2},
  pages={1883},
  year={2009}
}

@article{erol2015kinect,
  title={A kinect-based human micro-doppler simulator},
  author={Erol, Bar{\i}s and Gurbuz, Sevgi Zubeyde},
  journal={IEEE Aerospace and Electronic Systems Magazine},
  volume={30},
  number={5},
  pages={6--17},
  year={2015},
  publisher={IEEE}
}

@article{gurbuz2015operational,
  title={Operational assessment and adaptive selection of micro-Doppler features},
  author={G{\"u}rb{\"u}z, Sevgi Z{\"u}beyde and Erol, Bar{\i}{\c{s}} and {\c{C}}a{\u{g}}l{\i}yan, Bahri and Tekeli, B{\"u}rkan},
  journal={IET Radar, Sonar \& Navigation},
  volume={9},
  number={9},
  pages={1196--1204},
  year={2015},
  publisher={IET}
}

@inproceedings{smith2008naive,
  title={Na{\"\i}ve Bayesian radar micro-Doppler recognition},
  author={Smith, Graeme E and Woodbridge, Karl and Baker, Chris J},
  booktitle={Radar, 2008 International Conference on},
  pages={111--116},
  year={2008},
  organization={IEEE}
}

@article{lee2017classification,
  title={Classification Algorithms for Human and Dog Movement Based on Micro-Doppler Signals},
  author={Lee, Jeehyun and Kwon, Jihoon and Bae, Jin-Ho and Lee, Chong Hyun},
  journal={IEIE Transactions on Smart Processing \& Computing},
  volume={6},
  number={1},
  pages={10--17},
  year={2017}
}

@inproceedings{cagliyan2014human,
  title={Human activity recognition using a low cost, COTS radar network},
  author={Cagliyan, Bahri and Karabacak, Cesur and Gurbuz, Sevgi Zubeyde},
  booktitle={Radar Conference, 2014 IEEE},
  pages={1223--1228},
  year={2014},
  organization={IEEE}
}

@article{miller2013micro,
  title={Micro-Doppler based target classification using multi-feature integration},
  author={Miller, AW and Clemente, C and Robinson, A and Greig, D and Kinghorn, AM and Soraghan, JJ},
  year={2013},
  publisher={IET}
}

@inproceedings{trommel2016multi,
  title={Multi-target human gait classification using deep convolutional neural networks on micro-Doppler spectrograms},
  author={Trommel, RP and Harmanny, RIA and Cifola, L and Driessen, JN},
  booktitle={Radar Conference (EuRAD), 2016 European},
  pages={81--84},
  year={2016},
  organization={IEEE}
}